@article{miller1969,
  title={Integrated optics: an introduction},
  author={Miller, Stewart E},
  journal={Bell System Technical Journal},
  volume={48},
  number={7},
  pages={2059--2069},
  year={1969},
  publisher={Wiley Online Library}
}

@INPROCEEDINGS{Zuffada2012, 
author={Zuffada, M.}, 
booktitle={Solid-State Device Research Conference (ESSDERC), 2012 Proceedings of the European}, 
title={The industrialization of the Silicon Photonics: Technology road map and applications}, 
year={2012}, 
pages={7-13}, 
month={Sept}}

@ARTICLE{Soref1993, 
author={Soref, Richard A.}, 
journal={Proceedings of the IEEE}, 
title={Silicon-based optoelectronics}, 
year={1993}, 
volume={81}, 
number={12}, 
pages={1687-1706}, 
doi={10.1109/5.248958}, 
month={Dec}}

@article {Paniccia2011,
	author = {Paniccia, Mario J.},
	title = {A perfect marriage: optics and silicon},
	journal = {Optik \& Photonik},
	volume = {6},
	number = {2},
	publisher = {WILEY-VCH Verlag},
	pages = {34--38},
	year = {2011}
}

@INPROCEEDINGS{Assefa2012, 
	author={Assefa, S. and Shank, S. and Green, W. and el al}, 
	booktitle={Electron Devices Meeting (IEDM), 2012 IEEE International}, 
	title={A 90nm CMOS integrated Nano-Photonics technology for 25Gbps WDM optical communications applications}, 
	year={2012}, 
	pages={33.8.1-33.8.3}, 
	month={Dec}}

@article{sun2015single,
	title={Single-chip microprocessor that communicates directly using light},
	author={Sun, Chen and Wade, Mark T and Lee, Yunsup and et al},
	journal={Nature},
	volume={528},
	number={7583},
	pages={534--538},
	year={2015},
	publisher={Nature Publishing Group}
}

@ARTICLE{Arakawa2013Silicon, 
	author={Arakawa, Y. and Nakamura, T. and Urino, Y. and Fujita, T.}, 
	journal={Communications Magazine, IEEE}, 
	title={Silicon photonics for next generation system integration platform}, 
	year={2013}, 
	volume={51}, 
	number={3}, 
	pages={72-77}, 
	month={March}}

@INPROCEEDINGS{Shah2005, 
	author={Shah, J.}, 
	booktitle={Group IV Photonics, 2005. 2nd IEEE International Conference on}, 
	title={{DARPA'S EPIC} program: electronic and photonic integrated circuits on {S}i}, 
	year={2005}, 
	pages={1-3}, 
	month={Sept}}

@misc{
	HELIOS,
	Author = {HELIOS project},
	Title = {http://www.helios-project.eu/}
	}


@misc{
	ZLB:2003,
	Author = {张林波},
	Title = {CCT的{\LaTeXe}中文文档类},
	Year = {2003},
	lang = {chinese}}


@patent{
WangZL,
   Author = {王东举},
   Title = {{\LaTeX}{ZJU}学位论文模版},
   Year = {2010},
   Country = {中国},
   date = {2010-10-10},
   type = {技术型},
   number = {1234567},
   lang = {chinese}}




@standard{
WangStd,
   Author = {ZJUEE},
   Title = {{\LaTeXe}使用标准说明},
   Publisher = {鼠尾出版社},
   Year = {2010},
   Symbol = {WB2011},
   Address = {杭州},
   date = {2010-10-10},
   lang = {chinese}}




@EPublication{
ZLB:1997,
   Author = {张林波},
   Title = {{CCT DOS}版参考手册},
   Publisher = {中科院计算数学与科学工程计算研究所},
   Year = {1997},
   Address = {北京},
   type = {EB/OL},
   URL = {http://www.url.com},
   lang = {chinese}}

@EPublication{
LaTeXshzh,
   Author = {{CTeX论坛}},
   Title = {一份不太简短的{\LaTeXe}介绍},
   Publisher = {中文{\TeX{}学会}},
   Year = {2007},
   Address = {中国},
   type = {EB/OL},
   URL = {http://mirrors.ustc.edu.cn/CTAN/tex-archive/info/lshort},
   lang = {chinese}} 

@EPublication{
NewCCT:2006,
   Author = {张林波},
   Title = {关于新版{CCT}的说明},
   Publisher = {中国科学院数学与系统科学研究院},
   Year = {2006},
   Address = {中国},
   type = {EB/OL},
   URL = {ftp://ftp.cc.ac.cn/pub/cct/README.pdf},
   lang = {chinese}}

@misc{
ZLB:2003,
   Author = {张林波},
   Title = {CCT的{\LaTeXe}中文文档类},
   Year = {2003},
   lang = {chinese}}




@misc{
Lapo:2007,
   Author = {Mori, Lapo Filippo},
   Title = {Tables in {\LaTeXe}: Packages and Methods},
   Year = {2007},
   lang = {chinese}}




@misc{
texbookzh,
   Author = {Knuth, Donald Ervin},
   Title = {The LaTeXbook},
   Publisher = {Addison-Wesley Publishing Company},
   Year = {1982},
   lang = {English}}




@misc{
Latexsh,
   Author = {Oetiker, Tobias},
   Title = {The not so short introduction to LaTeX},
   Year = {2003},
   lang = {chinese}}




@book{
texbook,
   Author = {Ervin, Knuth Donald and Robert, Bibby Duane},
   Title = {The TeXbook},
   Publisher = {Addison-Wesley Publishing Company},
   Address = {United States of America},
   Year = {1996},
   lang = {english}}




@article{
LUOZ:2007,
   Author = {罗振 and 田丰 and 孙小平 and 孙恩岩},
   Title = {基于{LATEX}的学位论文模板的设计与实现},
   Journal = {沈阳航空工业学院学报},
   Volume = {24},
   Number = {3},
   Pages = {45-48},
   Keywords = {LATEX; 学位论文; 模板},
   Year = {2007},
   lang = {chinese}}
   
@article{
Table:Lapo,
   Author = {Lapo Filippo Mori},
   Title = {Table in {\LaTeXe}: Packages and Methods},
   Journal = {The Prac{\TeX} Journal},
   Number = {1},
   Pages = {1-38},
   Year = {2007},
   lang = {english}}

@mastersthesis{
Wangmt:2008,
   Author = {王东举},
   Title = {我的测试硕士论文题目},
   School = {浙江大学},
   Address = {杭州},
   Year = {2008},
   lang = {chinese}}



@phdthesis{
Wang:2008,
   Author = {王东举},
   Title = {我的测试论文题目},
   School = {浙江大学},
   Address = {杭州},
   Year = {2008},
   lang = {chinese}}


@EPublication{
epslatex,
author = {王磊},
title = {{\LaTeXe}插图指南},
type = {EB/OL},
year = {2000},
url = {http://mirrors.ustc.edu.cn/CTAN/info/epslatex/english /epslatex.pdf}
}

@EPublication{
natbibdoc,
author ={Patrick W. Daly},
title = {Natural Sciences Citations and References},
year = {2009},
type = {EB},
url = {doc/texlive-latex-base-doc/latex/natbib.pdf}
}

@EPublication{
btxhak,
author ={Oren Patashnik},
title = {Designing BibTeXing Style},
year = {1988},
type = {EB},
url = {doc/texlive-base/bibtex/base/btxhak.pdf}
}


@EPublication{
btxdoc,
author ={Oren Patashnik},
title = {BibTeXing},
year = {1988},
type = {EB},
url = {doc/texlive-base/bibtex/base/btxdoc.pdf}
}

@EPublication{
merlin,
author ={Patrick W. Daly},
title = {A Master Bibliographic Style File},
year = {20011},
type = {EB},
url = {doc/latex/custom-bib/merlin.pdf}
}

@EPublication{
makebst,
author ={Patrick W. Daly},
title = {Customizing Bibliographic Style Files},
year = {2003},
type = {EB},
url = {doc/latex/custom-bib/makebst.pdf}
}


@standard{
bibgb,
author = {全国信息与文献标准化技术委员会},
Title = {GB/T7714-2005 文后参考文献著录规则},
   Publisher = {中国国家标准化管理委员会},
   address = {北京},
   Year = {2005} }
